@misc{Noel,
author = {Noel, Dariel},
mendeley-groups = {MicroFrontends},
title = {{Dariel Noel on Twitter: "@dan{\_}abramov Dan, our team has been working in a React based micro-frontend for two years. This system is used by million of users. There are a lot of pros and const about using this kind of arquitecture. If you ever have som}},
url = {https://twitter.com/dariel{\_}noel/status/1132620920839970816},
urldate = {2019-09-28}
}
@misc{Denning,
author = {Denning, Joel},
mendeley-groups = {MicroFrontends},
title = {{What you do when the Twitter influencers decide to make fun of Microfrontends}},
url = {https://medium.com/@joeldenning/what-you-do-when-the-twitter-influencers-decide-to-make-fun-of-microfrontends-11da074319ff},
urldate = {2019-09-28}
}
@article{baumann2019micro,
author = {Baumann, Matthias},
mendeley-groups = {MicroFrontends},
title = {{Micro-Frontends}},
year = {2019}
}
@article{Yang2019,
author = {Yang, Caifang and Liu, Chuanchang and Su, Zhiyuan},
doi = {10.1088/1757-899X/490/6/062082},
file = {::},
issn = {1757-899X},
journal = {IOP Conference Series: Materials Science and Engineering},
mendeley-groups = {MicroFrontends},
month = {apr},
number = {6},
pages = {062082},
publisher = {IOP Publishing},
title = {{Research and Application of Micro Frontends}},
url = {http://stacks.iop.org/1757-899X/490/i=6/a=062082?key=crossref.a90aabcc1ccf4d96bd813bf8a089e700},
volume = {490},
year = {2019}
}
@misc{Larkin@TheLarkInn2019,
author = {{Larkin (@TheLarkInn)}, Sean},
mendeley-groups = {MicroFrontends},
title = {{Sean Larkin (廖肖恩) on Twitter: ”Microfrontends: how can we optimize only for developers to the n'th degree. Throwing away performance, UI/AX consistency, and predicable design out the door (dramatic). If, we were still doing systems programming microfronte}},
url = {https://twitter.com/TheLarkInn/status/1138839577999765504},
urldate = {2019-09-28},
year = {2019}
}
@misc{Evakallio@jevakallio2019,
author = {{Ev{\"{a}}kallio (@jevakallio)}, Jani},
mendeley-groups = {MicroFrontends},
title = {{Jani Ev{\"{a}}kallio on Twitter: ”Microfrontends: When you don't want to talk to any of the dumbasses in your company and you don't really give a shit about perf” / Twitter}},
url = {https://twitter.com/jevakallio/status/1138859009765773312},
urldate = {2019-09-28},
year = {2019}
}
@misc{Google,
author = {Google},
mendeley-groups = {MicroFrontends},
title = {{micro frontend architecture - Explore - Google Trends}},
url = {https://trends.google.com/trends/explore?q=micro frontend architecture{\&}date=today 5-y},
urldate = {2019-09-28}
}
@misc{Jackson2019,
author = {Jackson, Cam},
mendeley-groups = {Data Mining,MicroFrontends},
title = {{Micro Frontends}},
url = {https://martinfowler.com/articles/micro-frontends.html},
urldate = {2019-09-28},
year = {2019}
}
@techreport{Celik,
author = {Celik, Julius and Ridell, Patric},
mendeley-groups = {Data Mining,MicroFrontends},
title = {{The Necessity of Microservices in a DevOps Environment}},
url = {https://github.com/KTH/devops-course/blob/5109e2327a965a494bbbe8d909cc2261d37fb4f8/contributions-2019/essay/jcelik-pridell/jcelik-pridell devops{\_}essay{\_}microservices.pdf},
year = {2019}
}
@misc{ThoughtWorks,
author = {ThoughtWorks},
mendeley-groups = {Data Mining,MicroFrontends},
title = {{Micro frontends | Technology Radar | ThoughtWorks}},
url = {https://www.thoughtworks.com/radar/techniques/micro-frontends},
urldate = {2019-09-28}
}
