@misc{Vuejs,
    title = {{@vue/web-component-wrapper}},
    author = {{Vuejs}},
    url = {https://github.com/vuejs/vue-web-component-wrapper}
}

@article{Dominici2014,
    title = {{An overview of Pandoc}},
    year = {2014},
    journal = {TUGboat},
    author = {Dominici, Massimiliano},
    number = {109},
    pages = {44--50},
    volume = {35},
    url = {http://www.tug.org/TUGboat/tb35-1/tb109dominici.pdf},
    issn = {0896-3207}
}

@misc{Googlec,
    title = {{Angular - Angular Elements Overview}},
    author = {{Google}},
    url = {https://angular.io/guide/elements}
}

@book{Mezzalira2021a,
    title = {{Building Micro-Frontends - 1st pre-published edition}},
    year = {2021},
    author = {Mezzalira, Luca},
    publisher = {O'Reilly Media, Inc.},
    isbn = {9781492082927}
}

@book{Newman2015a,
    title = {{Building Microservices: designing fine-grained systems}},
    year = {2015},
    author = {Newman, Sam},
    publisher = {O'Reilly Media, Inc.},
    isbn = {978-1-491-95035-7}
}

@misc{Conway,
    title = {{Conway's Law}},
    author = {Conway, Melvin E},
    url = {http://www.melconway.com/Home/Conways_Law.html}
}

@misc{Dodson,
    title = {{Custom Elements Everywhere}},
    author = {Dodson, Rob},
    url = {https://custom-elements-everywhere.com/#react}
}

@misc{Noel,
    title = {{Dariel Noel on Twitter: {\&}quot;@dan{\_}abramov Dan, our team has been working in a React based micro-frontend for two years. This system is used by million of users. There are a lot of pros and const about using this kind of arquitecture. If you ever have som}},
    author = {Noel, Dariel},
    url = {https://twitter.com/dariel_noel/status/1132620920839970816}
}

@article{Hevner2004,
    title = {{Design Science in Information Systems Research}},
    year = {2004},
    journal = {MIS Quarterly},
    author = {Hevner, Alan R and March, Salvatore T and Park, Jinsoo and Ram, Sudha and Ram, Sudha},
    number = {1},
    pages = {75--105},
    volume = {28},
    url = {https://www.jstor.org/stable/25148625},
    doi = {10.2307/25148625},
    keywords = {Information Systems research methodologies, business, creativity, design artifact, design science, environment, experimental methods, search strategies, technology infrastructure}
}

@article{Betz2000,
    title = {{Developing highly-responsive user interfaces with DHTML and servlets}},
    year = {2000},
    journal = {IEEE International Performance, Computing and Communications Conference, Proceedings},
    author = {Betz, Katherine and Leff, Avraham and Rayfield, James T.},
    pages = {437--443},
    publisher = {IEEE},
    doi = {10.1109/pccc.2000.830348},
    issn = {10972641}
}

@misc{Apparao1998,
    title = {{Document Object Model (DOM) Level 1 Specification}},
    year = {1998},
    author = {Apparao, Vidur and Byrne, Steve and Champion, Mike and Isaacs, Scott and Jacobs, Ian and Le Hors, Arnaud and Nicol, Gavin and Robie, Jonathan and Sutor, Robert and Wilson, Chris and Wood, Lauren},
    number = {Version 1.0},
    publisher = {W3C},
    url = {https://www.w3.org/TR/1998/REC-DOM-Level-1-19981001/}
}

@misc{WHATWG2020b,
    title = {{DOM Standard (Living Standard: 24 January 2020) - Shadow Trees}},
    year = {2020},
    author = {{WHATWG}},
    url = {https://dom.spec.whatwg.org/#shadow-trees}
}

@article{Venable2016,
    title = {{FEDS: a Framework for Evaluation in Design Science Research}},
    year = {2016},
    journal = {European Journal of Information Systems},
    author = {Venable, John and Pries-Heje, Jan and Baskerville, Richard},
    number = {1},
    month = {1},
    pages = {77--89},
    volume = {25},
    url = {https://www.tandfonline.com/doi/full/10.1057/ejis.2014.36},
    doi = {10.1057/ejis.2014.36},
    issn = {0960-085X}
}

@misc{Colin2018,
    title = {{Front-End Micro Services}},
    year = {2018},
    author = {Colin, J\'er\'emy},
    month = {12},
    url = {https://jobs.zalando.com/en/tech/blog/front-end-micro-services/}
}

@misc{Slim.jsa,
    title = {{Getting started with Slim.js}},
    author = {{Slim.js}},
    url = {https://slimjs.com/}
}

@misc{Raggett1999,
    title = {{HTML 4.01 - Frames in HTML documents}},
    year = {1999},
    author = {Raggett, Dave and Le Hors, Arnaud and Jacobs, Ian and {W3C}},
    url = {https://www.w3.org/TR/html4/present/frames.html#h-16.5}
}

@misc{WHATWG2020a,
    title = {{HTML Standard (Living Standard: 29 January 2020) - Custom Elements}},
    year = {2020},
    author = {{WHATWG}},
    url = {https://html.spec.whatwg.org/multipage/custom-elements.html}
}

@misc{WHATWG2020c,
    title = {{HTML Standard (Living Standard: 29 January 2020) - Integration with the JavaScript module system}},
    year = {2020},
    author = {{WHATWG}},
    url = {https://html.spec.whatwg.org/multipage/webappapis.html#integration-with-the-javascript-module-system}
}

@misc{WHATWG2020,
    title = {{HTML Standard (Living Standard: 29 January 2020) - The Template Element}},
    year = {2020},
    author = {{WHATWG}},
    url = {https://html.spec.whatwg.org/multipage/scripting.html#the-template-element}
}

@misc{Lubanski,
    title = {{hybrids GitHub}},
    author = {Luba{\'{n}}ski, Dominik},
    url = {https://github.com/hybridsjs/hybrids}
}

@misc{Berners-Lee1995,
    title = {{Hypertext markup language-2.0}},
    year = {1995},
    author = {Berners-Lee, Tim and Connolly, Dan},
    publisher = {RFC 1866, November},
    url = {https://www.hjp.at/doc/rfc/rfc1866.html}
}

@misc{MDNWebDocs2020,
    title = {{import}},
    year = {2020},
    author = {{MDN Web Docs}},
    url = {https://developer.mozilla.org/en-US/docs/Web/JavaScript/Reference/Statements/import}
}

@book{alabes2017isomorphic,
    title = {{Isomorphic JavaScript Web Development: Universal JavaScript with React and Node}},
    year = {2017},
    author = {Alabes, Tomas and Tarkus, Konstantin},
    publisher = {Packt Publishing Ltd}
}

@misc{Brehm2013,
    title = {{Isomorphic JavaScript: The Future of Web Apps - Airbnb Engineering {\&} Data Science}},
    year = {2013},
    author = {Brehm, Spike},
    month = {11},
    url = {https://medium.com/airbnb-engineering/isomorphic-javascript-the-future-of-web-apps-10882b7a2ebc}
}

@misc{Evakalliojevakallio2019,
    title = {{Jani Ev{\"{a}}kallio on Twitter: ”Microfrontends: When you don't want to talk to any of the dumbasses in your company and you don't really give a shit about perf” / Twitter}},
    year = {2019},
    author = {Ev{\"{a}}kallio (@jevakallio), Jani},
    url = {https://twitter.com/jevakallio/status/1138859009765773312}
}

@misc{WebComponents.orgb,
    title = {{Libraries - webcomponents.org}},
    author = {{WebComponents.org}},
    url = {https://www.webcomponents.org/libraries}
}

@misc{Google,
    title = {{micro frontend architecture - Explore - Google Trends}},
    author = {{Google}},
    url = {https://trends.google.com/trends/explore?q=micro frontend architecture&date=today 5-y}
}

@misc{Jackson2019,
    title = {{Micro Frontends}},
    year = {2019},
    author = {Jackson, Cam},
    url = {https://martinfowler.com/articles/micro-frontends.html}
}

@book{Geers2020,
    title = {{Micro Frontends in Action}},
    year = {2020},
    author = {Geers, Michael},
    edition = {MEAP V03},
    publisher = {Manning Publications Co.},
    url = {https://livebook.manning.com/book/micro-frontends-in-action/chapter-1/v-3/7}
}

@misc{ThoughtWorks,
    title = {{Micro frontends | Technology Radar | ThoughtWorks}},
    author = {{ThoughtWorks}},
    url = {https://www.thoughtworks.com/radar/techniques/micro-frontends}
}

@article{baumann2019micro,
    title = {{Micro-Frontends}},
    year = {2019},
    author = {Baumann, Matthias}
}

@misc{Richardson2019,
    title = {{Microservice Architecture pattern}},
    year = {2019},
    author = {Richardson, Chris},
    url = {https://microservices.io/patterns/microservices.html}
}

@book{Familiar2015,
    title = {{Microservices, IoT, and Azure Leveraging DevOps and Microservice Architecture to Deliver SaaS Solutions}},
    year = {2015},
    author = {Familiar, Bob},
    url = {www.apress.com/bulk-sales.},
    isbn = {9781484212769}
}

@inproceedings{Mesbah2007,
    title = {{Migrating multi-page web applications to single-page AJAX interfaces}},
    year = {2007},
    booktitle = {Proceedings of the European Conference on Software Maintenance and Reengineering, CSMR},
    author = {Mesbah, Ali and Van Deursen, Arie},
    pages = {181--190},
    doi = {10.1109/CSMR.2007.33},
    issn = {15345351}
}

@article{Lie1999,
    title = {{Multipurpose Web publishing using HTML, XML, and CSS}},
    year = {1999},
    journal = {Communications of the ACM},
    author = {Lie, Håkon Wium and Saarela, Janne},
    number = {10},
    pages = {95--101},
    volume = {42},
    publisher = {ACM New York, NY, USA}
}

@misc{ThePolymerProject,
    title = {{Polymer Project}},
    author = {{The Polymer Project}},
    url = {https://www.polymer-project.org/}
}

@misc{ThePolymerProjectb,
    title = {{polymer.github.io - Authors}},
    author = {{The Polymer Project}},
    url = {https://polymer.github.io/AUTHORS.txt}
}

@misc{ThePolymerProjecta,
    title = {{Polymer/lit-element: A simple base class for creating fast, lightweight web components}},
    author = {{The Polymer Project}},
    url = {https://github.com/Polymer/lit-element}
}

@misc{ThePolymerProjectc,
    title = {{Polymer/polymer Wiki - Who's using Polymer?}},
    author = {{The Polymer Project}},
    url = {https://github.com/Polymer/polymer/wiki/Who's-using-Polymer%3F}
}

@misc{Matheson,
    title = {{react-async-component GitHub}},
    author = {Matheson, Sean},
    url = {https://github.com/ctrlplusb/react-async-component}
}

@misc{FacebookInc.a,
    title = {{Relay {\textperiodcentered} The production-ready GraphQL client for React.}},
    author = {{Facebook Inc.}},
    url = {https://relay.dev/}
}

@article{Yang2019,
    title = {{Research and Application of Micro Frontends}},
    year = {2019},
    journal = {IOP Conference Series: Materials Science and Engineering},
    author = {Yang, Caifang and Liu, Chuanchang and Su, Zhiyuan},
    number = {6},
    month = {4},
    pages = {062082},
    volume = {490},
    publisher = {IOP Publishing},
    url = {http://stacks.iop.org/1757-899X/490/i=6/a=062082?key=crossref.a90aabcc1ccf4d96bd813bf8a089e700},
    doi = {10.1088/1757-899X/490/6/062082},
    issn = {1757-899X}
}

@misc{LarkinTheLarkInn2019,
    title = {{Sean Larkin (廖肖恩) on Twitter: ”Microfrontends: how can we optimize only for developers to the n'th degree. Throwing away performance, UI/AX consistency, and predicable design out the door (dramatic). If, we were still doing systems programming microfronte}},
    year = {2019},
    author = {Larkin (@TheLarkInn), Sean},
    url = {https://twitter.com/TheLarkInn/status/1138839577999765504}
}

@article{Fagan,
    title = {{Server-side includes made simple}},
    author = {Fagan, Jody Condit},
    url = {http://www.emeraldinsight.com/researchregisters},
    doi = {10.1108/02640470210447801}
}

@misc{Single-spa,
    title = {{single-spa}},
    author = {{Single-spa}},
    url = {https://single-spa.js.org/}
}

@misc{SkateJS,
    title = {{SkateJS GitHub}},
    author = {{SkateJS}},
    url = {https://github.com/skatejs/skatejs}
}

@misc{Slim.js,
    title = {{Slim.js GitHub}},
    author = {{Slim.js}},
    url = {https://github.com/slimjs/slim.js}
}

@misc{DevPunks,
    title = {{snuggsi GitHub}},
    author = {{devPunks}},
    url = {https://github.com/devpunks/snuggsi}
}

@misc{StencilJS,
    title = {{Stencil}},
    author = {{StencilJS}},
    url = {https://stenciljs.com/}
}

@techreport{Celik,
    title = {{The Necessity of Microservices in a DevOps Environment}},
    year = {2019},
    author = {Celik, Julius and Ridell, Patric},
    url = {https://github.com/KTH/devops-course/blob/5109e2327a965a494bbbe8d909cc2261d37fb4f8/contributions-2019/essay/jcelik-pridell/jcelik-pridell devops_essay_microservices.pdf}
}

@article{Royappa2000,
    title = {{The PHP Web Application Server}},
    year = {2000},
    journal = {J. Comput. Sci. Coll.},
    author = {Royappa, Andrew V},
    number = {3},
    month = {3},
    pages = {201–211},
    volume = {15},
    publisher = {Consortium for Computing Sciences in Colleges},
    address = {Evansville, IN, USA},
    issn = {1937-4771},
    keywords = {scripting languages, server-side programming, web application development}
}

@misc{Benitte,
    title = {{The State of JavaScript 2019: Front End Frameworks}},
    author = {Benitte, Raphaël and Greif, Sacha and Rambeau, Michael},
    url = {https://2019.stateofjs.com/front-end-frameworks/}
}

@article{Ratner2011,
    title = {{Vertical Slicing: Smaller is Better}},
    year = {2011},
    author = {Ratner, Ian Michael and Harvey, Jack},
    isbn = {9780769543703},
    doi = {10.1109/AGILE.2011.46}
}

@misc{WebComponents.org,
    title = {{Web Components - Specifications}},
    author = {{WebComponents.org}},
    url = {https://www.webcomponents.org/specs#styling}
}

@misc{MDNWebDocs,
    title = {{Web Components | MDN}},
    author = {{MDN Web Docs}},
    url = {https://developer.mozilla.org/en-US/docs/Web/Web_Components}
}

@misc{FacebookInc.,
    title = {{Web Components – React}},
    author = {{Facebook Inc.}},
    url = {https://reactjs.org/docs/web-components.html#using-react-in-your-web-components}
}

@misc{WebComponents.orga,
    title = {{WebComponents.org}},
    author = {{WebComponents.org}},
    url = {https://www.webcomponents.org/}
}

@misc{Denning,
    title = {{What you do when the Twitter influencers decide to make fun of Microfrontends}},
    author = {Denning, Joel},
    url = {https://medium.com/@joeldenning/what-you-do-when-the-twitter-influencers-decide-to-make-fun-of-microfrontends-11da074319ff}
}

@misc{DesignAl.,
    title = {{"Design Science Research Contributions: Finding a Balance between Arti" by Richard Baskerville, Abayomi Baiyere et al.}},
    url = {https://aisel.aisnet.org/jais/vol19/iss5/3/}
}

@misc{Geers20191YouTube,
    title = {{(1) Michael Geers - Micro Frontends - The Nitty Gritty Details or Frontend, Backend, 🌈 Happyend - YouTube}},
    year = {2019},
    author = {Geers, Michael},
    month = {5},
    url = {https://www.youtube.com/watch?v=wCHYILvM7kU},
    address = {Copenhagen}
}

@techreport{2018AEnvironments,
    title = {{A Novel Method for Adaptive Control of Manufacturing Equipment in Cloud Environments}},
    year = {2018}
}

@techreport{Hevner2007AResearch,
    title = {{A Three Cycle View of Design Science Research}},
    year = {2007},
    booktitle = {Scandinavian Journal of Information Systems},
    author = {Hevner, Alan R},
    number = {2},
    volume = {19}
}

@misc{BuildingLabs,
    title = {{Building Spotify’s New Web Player | Labs}},
    url = {https://labs.spotify.com/2019/03/25/building-spotifys-new-web-player/}
}

@inproceedings{DeRosso2019DeclarativeConcepts,
    title = {{Declarative assembly of web applications from predefined concepts}},
    year = {2019},
    booktitle = {Onward! 2019 - Proceedings of the 2019 ACM SIGPLAN International Symposium on New Ideas, New Paradigms, and Reflections on Programming and Software, co-located with SPLASH 2019},
    author = {De Rosso, Santiago Perez and Jackson, Daniel and Archie, Maryam and Lao, Czarina and McNamara, Barry A.},
    month = {10},
    pages = {79--93},
    publisher = {Association for Computing Machinery, Inc},
    url = {http://dl.acm.org/citation.cfm?doid=3359591.3359728},
    address = {New York, New York, USA},
    isbn = {9781450369954},
    doi = {10.1145/3359591.3359728},
    keywords = {Application development, Concepts, Design, Modularity, Software design, Web applications}
}

@incollection{Hevner2010DesignSeries,
    title = {{Design Research in Information Systems, Intergrated Series}},
    year = {2010},
    booktitle = {Design Research in information Systems, Intergrated Series},
    author = {Hevner, Alan R. and Chatterjee, Samir},
    url = {http://www.springer.com/978-1-4419-5652-1},
    isbn = {978-1-4419-5652-1},
    doi = {10.1007/978-1-4419-5653-8{\_}2}
}

@article{Hevner2004DesignResearch,
    title = {{Design Science in Information Systems Research}},
    year = {2004},
    author = {Hevner, Alan R. and March, Salvatore T. and Park, Jinsoo and Ram, Sudha},
    pages = {75--105}
}

@article{Hevner2004DesignResearchb,
    title = {{Design Science in Information Systems Research}},
    year = {2004},
    journal = {MIS Quarterly},
    author = {{Hevner} and {March} and {Park} and {Ram}},
    number = {1},
    pages = {75},
    volume = {28},
    url = {https://www.jstor.org/stable/10.2307/25148625},
    doi = {10.2307/25148625},
    issn = {02767783}
}

@article{Baskerville2018DesignTheory,
    title = {{Design Science Research Contributions: Finding a Balance between Artifact and Theory}},
    year = {2018},
    journal = {Journal of the Association for Information Systems},
    author = {Baskerville, Richard and Baiyere, Abayomi and Gregor, Shirley and Hevner, Alan and Rossi, Matti},
    number = {5},
    pages = {358--376},
    volume = {19},
    doi = {10.17705/1jais.00495},
    issn = {1536-9323},
    keywords = {Artifact, DSR Impacts Suprateek Sarker was the accepting senior editor, DSR Processes, Design Science Research (DSR), Design Theory}
}

@article{Peffers2018DesignResearch,
    title = {{Design science research genres: introduction to the special issue on exemplars and criteria for applicable design science research}},
    year = {2018},
    journal = {European Journal of Information Systems},
    author = {Peffers, Ken and Tuunanen, Tuure and Niehaves, Björn},
    number = {2},
    month = {3},
    pages = {129--139},
    volume = {27},
    url = {https://www.tandfonline.com/doi/full/10.1080/0960085X.2018.1458066},
    doi = {10.1080/0960085X.2018.1458066},
    issn = {0960-085X}
}

@article{Hatchuel2018DesignEngineering,
    title = {{Design theory: a foundation of a new paradigm for design science and engineering}},
    year = {2018},
    journal = {Research in Engineering Design},
    author = {Hatchuel, Armand and Le Masson, Pascal and Reich, Yoram and Subrahmanian, Eswaran},
    number = {1},
    month = {1},
    pages = {5--21},
    volume = {29},
    publisher = {Springer London},
    doi = {10.1007/s00163-017-0275-2},
    issn = {14356066},
    keywords = {Decision theory, Design theory, Generativity, Knowledge structure, Social spaces}
}

@misc{Jackson2019MicroRuntime,
    title = {{Micro Frontend Architecture: Import chunks from another Webpack bundle at runtime}},
    year = {2019},
    author = {Jackson, Zack},
    month = {11},
    url = {https://levelup.gitconnected.com/micro-frontend-architecture-dynamic-import-chunks-from-another-webpack-bundle-at-runtime-1132d8cb6051}
}

@article{Schaffer2019Microservice-basedSolutions,
    title = {{Microservice-based architecture for engineering tools enabling a collaborative multi-user configuration of robot-based automation solutions}},
    year = {2019},
    journal = {Procedia CIRP},
    author = {Sch{\"{a}}ffer, Eike and Mayr, Andreas and Fuchs, Jonathan and Sjarov, Martin and Vorndran, Johannes and Franke, Jörg},
    month = {1},
    pages = {86--91},
    volume = {86},
    publisher = {Elsevier},
    url = {https://linkinghub.elsevier.com/retrieve/pii/S2212827120300172},
    doi = {10.1016/j.procir.2020.01.017},
    issn = {22128271}
}

@article{Daniel2007UnderstandingOpportunities,
    title = {{Understanding UI integration: A survey of problems, technologies, and opportunities}},
    year = {2007},
    journal = {IEEE Internet Computing},
    author = {Daniel, Florian and Matera, Maristella and Yu, Jin and Benatallah, Boualem and Saint-Paul, Regis and Casati, Fabio},
    number = {3},
    pages = {59--66},
    volume = {11},
    publisher = {Institute of Electrical and Electronics Engineers Inc.},
    doi = {10.1109/MIC.2007.74},
    issn = {10897801},
    keywords = {Design tools and techniques, Information interfaces and presentation, Software engineering}
}